<?xml version="1.0" encoding="UTF-8"?><collection xmlns="http://www.loc.gov/MARC21/slim"><record><leader>00331nam--2200133-i-4500</leader><controlfield tag="001">000027125</controlfield><controlfield tag="002">20161230</controlfield><controlfield tag="005">20161230201036</controlfield><controlfield tag="008">060222s1000------------r-----000-0-eng-d</controlfield><datafield ind1=" " ind2=" " tag="080"><subfield code="a">531.3</subfield></datafield><datafield ind1=" " ind2=" " tag="100"><subfield code="a">Kocher, Johann</subfield></datafield><datafield ind1=" " ind2=" " tag="245"><subfield code="a">Die theorie der relativen bewegungen</subfield></datafield><datafield ind1=" " ind2=" " tag="260"><subfield code="a">Nurnberg, Elementon-verlag, 1991, 38p</subfield></datafield><datafield ind1=" " ind2=" " tag="852"><subfield code="a">79979</subfield></datafield></record></collection>